@Book{Vcom01,
author="Jorge A. Silva and Luís A. Teixeira",
title="Slides das Aulas",
year="2016",
publisher="Visão por Computador"
}

@Book{Vcom02,
author="J. Sivic and A. Zisserman",
title="Video Google: A Text Retrieval Approach to Object Matching in Videos",
year="2003",
publisher="ICCV"
}

@Book{Vcom03,
author="A. Krizhevsky, I. Sutskever, and G. E. Hinton",
title="Imagenet classification with deep convolutional neural networks",
year="2012",
publisher="Advances in neural information processing systems"
}

@Book{Vcom04,
author="Ben Aisen",
title="A Comparison of Multiclass SVM Methods",
year="2006",
publisher="http://courses.media.mit.edu/2006fall/mas622j/Projects/aisen-project/"
}